@online{Googletrend1,
	title = {Search popularity of spreadsheet software - Google trends},
	url = {https://trends.google.com/trends/explore?q=excel,Google%20Sheets,%2Fm%2F0dsdths,%2Fg%2F11kzp_c5kf,only%20office},
	addendum = {(Accessed: 04/06/2024)}
}

@online{Googletrend2,
	title = {Search popularity of document writing software - Google trends},
	url = {https://trends.google.com/trends/explore?q=google%20docs,word,almanac,confluence,latex},
	addendum = {(Accessed: 05/06/2024)}
}

@online{Googletrend3,
	title = {Search popularity of desktop social media software - Google trends},
	url = {https://trends.google.com/trends/explore?q=teams,zoom,discord},
	addendum = {(Accessed: 05/06/2024)}
}

@online{Statcounter1,
	title = {Browser market share - Statcounter},
	url = {https://gs.statcounter.com/browser-market-share/},
	addendum = {(Accessed: 04/06/2024)}
}

@online{Statistica1,
	title = {Popularity of game launchers - Statistica},
	url = {https://www.statista.com/topics/11985/pc-gaming-worldwide/#topicOverview},
	addendum = {(Accessed: 04/06/2024)}
}

@online{Steamdb1,
	title = {Highest player count steam game - steamdb},
	url = {https://steamdb.info/},
	addendum = {(Accessed: 04/06/2024)}
}

@online{ExcelForum,
	title = {How does excel handle formula's? - mrexcel forum},
	url = {https://www.mrexcel.com/board/threads/performance-of-excel-formulas-are-they-smart-enough-to-skip-and-remember.1050695/},
	addendum = {(Accessed: 09/06/2024)}
}

@article{QuantumStringMatching,
	title = {A quantum algorithm for string matching - nature articles},
	url = {https://www.nature.com/articles/s41534-021-00369-3},
	addendum = {(Accessed: 09/06/2024)}
}

@article{quantumDB,
	title = {Quantum Computing for Databases: Overview and Challenges - arxiv},
	url = {https://arxiv.org/pdf/2405.12511},
	addendum = {(Accessed: 09/06/2024)}
}

@article{quantumRender,
	title = {A Quantum-Powered Photorealistic Rendering - arxiv},
	url = {http://arxiv.org/pdf/2211.03418v5},
	addendum = {(Accessed: 09/06/2024)}
}

@online{quantumai,
	title = {Quantum machine learning - wikipedia},
	url = {https://en.wikipedia.org/wiki/Quantum_machine_learning},
	addendum = {(Accessed: 09/06/2024)}
}

@online{Dlss,
	title = {NVIDIA DLSS 3 - Nvidia},
	url = {https://www.nvidia.com/nl-nl/geforce/technologies/dlss/},
	addendum = {(Accessed: 09/06/2024)}
}