@article{feynman1982simulating,
  title   = {Simulating physics with computers},
  author  = {Feynman, Richard P},
  journal = {International Journal of Theoretical Physics},
  volume  = {21},
  number  = {6/7},
  year    = {1982}
}

@article{wallraff2005approaching,
  title     = {Approaching unit visibility for control of a superconducting qubit with dispersive readout},
  author    = {Wallraff, A and Schuster, DI and Blais, A and Frunzio, L and Majer, J and Devoret, MH and Girvin, SM and Schoelkopf, RJ},
  journal   = {Physical Review Letters},
  volume    = {95},
  number    = {6},
  pages     = {060501},
  year      = {2005},
  publisher = {APS}
}
