@online{article1,
  title   = {Quantum computing at room temperature},
  author  = {Loz Blain},
  url = {https://newatlas.com/quantum-computing/quantum-computing-desktop-room-temperature/},
  addendum  = {Accessed: 13/06/2024},
  keywords  = {Quantum computing, desktop}
}

@online{wikipedia1,
  title   = {Nitrogen vacancy center},
  author  = {Multiple},
  url = {https://en.wikipedia.org/wiki/Nitrogen-vacancy_center},
  addendum  = {Accessed: 13/06/2024},
  keywords  = {Quantum computing hardware, diamonds}
}

@online{document1,
  title   = {How do GPU's work},
  author  = {Nvidia},
  url = {https://research.nvidia.com/sites/default/files/pubs/2007-02_How-GPUs-Work/04085637.pdf},
  addendum  = {Accessed: 13/06/2024},
  keywords  = {GPU, computer hardware}
}